@misc{add1},
	author = "try",
	title = "see",
	date = "2016",