@misc{Ref1,
	author = "try",
	title= "addp",
	date = "2016",